@article{Jeong2007KnowledgeLearning,
    title = {{Knowledge convergence and collaborative learning}},
    year = {2007},
    journal = {Instructional Science},
    author = {Jeong, Heisawn and Chi, Michelene T.H.},
    number = {4},
    pages = {287--315},
    volume = {35},
    doi = {10.1007/s11251-006-9008-z},
    issn = {00204277},
    keywords = {Collaborative learning, Common knowledge, Knowledge convergence, Shared cognition, Text comprehension}
}

@article{Baines2009ImprovingStudy,
    title = {{Improving pupil group work interaction and dialogue in primary classrooms: results from a year-long intervention study}},
    year = {2009},
    journal = {Cambridge Journal of Education},
    author = {Baines, Ed and Rubie-Davies, Christine and Blatchford, Peter},
    number = {1},
    pages = {95--117},
    volume = {39},
    publisher = {Routledge},
    url = {https://www.tandfonline.com/doi/full/10.1080/03057640802701960},
    doi = {10.1080/03057640802701960},
    issn = {0305764X}
}

@article{Roschelle1992LearningChange,
    ISSN = {10508406, 15327809},
    URL = {http://www.jstor.org/stable/1466609},
    author = {Jeremy Roschelle},
    journal = {The Journal of the Learning Sciences},
    number = {3},
    pages = {235--276},
    publisher = {Taylor & Francis, Ltd.},
    title = {Learning by collaborating: Convergent conceptual change},
    volume = {2},
    year = {1992}
}

@article{vanBoxtel2002CollaborativeDiscourse,
    title = {{Collaborative concept mapping: Provoking and supporting meaningful discourse}},
    year = {2002},
    journal = {Theory Into Practice},
    author = {van Boxtel, Carla and van der Linden, Jos and Roelofs, Erik and Erkens, Gijsbert},
    number = {1},
    pages = {40--46},
    volume = {41},
    URL = {https://www.jstor.org/stable/1477536}
}

@article{vanBoxtel2000CollaborativeKnowledge,
    title = {{Collaborative learning tasks and the elaboration of conceptual knowledge}},
    year = {2000},
    journal = {Learning and Instruction},
    author = {van Boxtel, Carla and van der Linden, Jos and Kanselaar, Gellof},
    number = {4},
    pages = {311--330},
    volume = {10},
    url = {http://www.sciencedirect.com/science/article/pii/S0959475200000025},
    doi = {10.1016/S0959-4752(00)00002-5},
    issn = {0959-4752}
}

@article{Beers2006CommonMaking,
    title = {{Common ground, complex problems and decision making}},
    year = {2006},
    volume = {15},
    number = {6},
    pages = {529--566},
    journal = {Group Decision and Negotiation},
    author = {Beers, Pieter J. and Boshuizen, Henny P.A. and Kirschner, Paul A. and Gijselaers, Wim H.},
    doi = {10.1007/s10726-006-9030-1},
    issn = {1572-9907}
}

@article{chiu2003exploring,
    title = {{Exploring how primary school students function in computer supported collaborative learning}},
    year = {2003},
    journal = {International Journal of Continuing Engineering Education and Life Long Learning},
    author = {Chiu, Chiung-Hui},
    number = {3-4},
    pages = {258--267},
    volume = {13},
    doi = {10.1504/IJCEELL.2003.003276},
    publisher = {Inderscience Publishers}
}

@article{roth1992social,
    title = {{The social construction of scientific concepts or the concept map as device and tool thinking in high conscription for social school science}},
    year = {1992},
    journal = {Science Education},
    author = {Roth, Wolff-Michael and Roychoudhury, Anita},
    number = {5},
    pages = {531--557},
    volume = {76},
    doi = {10.1002/sce.3730760507},
    publisher = {Wiley Online Library}
}

@article{Wunnasri2018ValidityMethods,
    title = {{Validity of Kit-Build method for assessment of learner-build map by comparing with manual methods}},
    year = {2018},
    journal = {IEICE Trans. Inf.\& Syst.},
    author = {Wunnasri, Warunya and Pailai, Jaruwat and Hayashi, Yusuke and Hirashima, Tsukasa},
    pages = {1141--1150},
    volume = {E101.D},
    number = {4},
    doi = {10.1587/transinf.2017EDP7177}
}

@article{Wunnasri2018ReciprocalUnderstanding,
    title = {{Reciprocal Kit-Build concept map: An approach for encouraging pair discussion to share each other's understanding}},
    journal = {IEICE Trans. Inf.\& Syst.},
    author = {Wunnasri, Wunnasri and Pailai, Jaruwat and Hayashi, Yusuke and Hirashima, Tsukasa},
    volume={E101.D},
    number={9},
    pages={2356-2367},
    year={2018},
    doi={10.1587/transinf.2017EDP7420}
}

@article{Ifenthaler2010RelationalMaps,
    title = {{Relational, structural, and semantic analysis of graphical representations and concept maps}},
    year = {2010},
    journal = {Educational Technology Research and Development},
    author = {Ifenthaler, Dirk},
    number = {1},
    pages = {81--97},
    volume = {58},
    doi = {10.1007/s11423-008-9087-4},
    issn = {10421629}
}


@inproceedings{Gracia-Moreno2017CollaborativeWorkspaces,
    title = {{Collaborative knowledge building through simultaneous private and public workspaces}},
    author={Gracia-Moreno, Carolina and Cerisier, Jean-Fran{\c{c}}ois and Devauchelle, Bruno and Gamboa, Fernando and Pierrot, La{\"e}titia},
    booktitle = {European Conference on Technology Enhanced Learning},
    year = {2017},
    month = {9},
    pages = {553--556},
    doi = {10.1007/978-3-319-66610-5\_61}
}


@article{Engelmann2010HowSolving,
    title = {{How digital concept maps about the collaborators' knowledge and information influence computer-supported collaborative problem solving}},
    year = {2010},
    journal = {International Journal of Computer-Supported Collaborative Learning},
    author = {Engelmann, Tanja and Hesse, Friedrich W.},
    number = {3},
    pages = {299--319},
    volume = {5},
    isbn = {1556-1607},
    doi = {10.1007/s11412-010-9089-1},
    issn = {15561607}
}

@article{Hirashima2015,
    title = {{Framework of Kit-Build concept map for automatic diagnosis and its preliminary use}},
    year = {2015},
    journal = {Research and Practice in Technology Enhanced Learning},
    author = {Hirashima, Tsukasa and Yamasaki, Kazuya and Fukuda, Hiroyuki and Funaoi, Hideo},
    number = {1},
    pages = {17},
    volume = {10},
    publisher = {Springer Singapore},
    url = {http://link.springer.com/10.1186/s41039-015-0018-9},
    doi = {10.1186/s41039-015-0018-9}
}

@article{Pailai2017TheAssessment,
    title = {{The practical use of Kit-Build concept map on formative assessment}},
    year = {2017},
    journal = {Research and Practice in Technology Enhanced Learning},
    author = {Pailai, Jaruwat and Wunnasri, Warunya and Yoshida, Kan and Hayashi, Yusuke and Hirashima, Tsukasa},
    number = {1},
    pages = {20},
    volume = {12},
    publisher = {Springer Singapore},
    url = {http://telrp.springeropen.com/articles/10.1186/s41039-017-0060-x},
    doi = {10.1186/s41039-017-0060-x}
}


@article{Fischer2002FosteringTools,
    title = {{Fostering collaborative knowledge construction with visualization tools}},
    year = {2002},
    journal = {Learning and Instruction},
    author = {Fischer, F. and Bruhn, J. and Gr{\"{a}}sel, C. and Mandl, H.},
    number = {2},
    pages = {213--232},
    volume = {12},
    doi = {10.1016/S0959-4752(01)00005-6}
}



@article{Star1989Institutional,
    author = {Susan Leigh Star and James R. Griesemer},
    title ={Institutional Ecology, 'Translations' and Boundary Objects: Amateurs and Professionals in Berkeley's Museum of Vertebrate Zoology, 1907-39},
    journal = {Social Studies of Science},
    volume = {19},
    number = {3},
    pages = {387-420},
    year = {1989},
    doi = {10.1177/030631289019003001},
    URL = { 
        https://doi.org/10.1177/030631289019003001
    },
    eprint = { 
        https://doi.org/10.1177/030631289019003001
    
    }
}

@incollection{star1989structure,
    title = {{The structure of ill-structured solutions: Boundary objects and heterogeneous distributed problem solving}},
    year = {1989},
    booktitle = {Distributed Artificial Intelligence},
    author = {Star, Susan Leigh},
    pages = {37--54},
    publisher = {Elsevier},
    doi = {10.1016/b978-1-55860-092-8.50006-x}
}

@article{Akkerman2011BoundaryObjects,
    title = {{Boundary crossing and boundary objects}},
    year = {2011},
    journal = {Review of Educational Research},
    author = {Akkerman, Sanne F. and Bakker, Arthur},
    number = {2},
    pages = {132--169},
    volume = {81},
    doi = {10.3102/0034654311404435},
    issn = {0034-6543}
}

@article{Akkerman2011LearningBoundaries,
    title = {{Learning at boundaries}},
    year = {2011},
    journal = {International Journal of Educational Research},
    author = {Akkerman, S. F.},
    number = {1},
    pages = {21--25},
    volume = {50},
    publisher = {Elsevier Ltd},
    url = {http://dx.doi.org/10.1016/j.ijer.2011.04.005},
    doi = {10.1016/j.ijer.2011.04.005},
    issn = {08830355}
}

@article{Fischer2005BeyondCreativity,
    title = {{Beyond binary choices: Integrating individual and social creativity}},
    year = {2005},
    journal = {International Journal of Human Computer Studies},
    author = {Fischer, Gerhard and Giaccardi, Elisa and Eden, Hal and Sugimoto, Masanori and Ye, Yunwen},
    number = {4-5 SPEC. ISS.},
    pages = {482--512},
    volume = {63},
    doi = {10.1016/j.ijhcs.2005.04.014},
    issn = {10715819}
}


@article{Weinberger2007KnowledgeAssessment,
    title = {{Knowledge convergence in collaborative learning: Concepts and assessment}},
    year = {2007},
    journal = {Learning and Instruction},
    volume = {17},
    number = {4},
    pages = {416--426},
    author = {Weinberger, Armin and Stegmann, Karsten and Fischer, Frank},
    isbn = {0959-4752},
    doi = {10.1016/j.learninstruc.2007.03.007},
    issn = {09594752},
    url = {http://www.sciencedirect.com/science/article/pii/S0959475207000539}
}


@article{Marx2007NormalizedChange,
    title = {{Normalized change}},
    year = {2007},
    journal = {American Journal of Physics},
    author = {Marx, Jeffrey D. and Cummings, Karen},
    number = {1},
    pages = {87--91},
    volume = {75},
    doi = {10.1119/1.2372468},
    issn = {0002-9505}
}



@article{Stoyanova2002ConceptSolving,
    title = {{Concept mapping as a medium of shared cognition in computer-supported collaborative problem solving}},
    volume = {13},
	number = {1},
	year = {2002},
	pages = {111--133},
    journal = {Journal of Interactive Learning Research},
    author = {Stoyanova, Neli and Kommers, Piet},
    issn = {1093-023X},
	url = {https://www.learntechlib.org/p/10783},
	publisher = {Association for the Advancement of Computing in Education (AACE)}
}

@article{Hirashima2019ReconstructionalReconstruction,
    title = {{Reconstructional Concept Map: Automatic Assessment and Reciprocal Reconstruction}},
    year = {2019},
    author = {Hirashima, Tsukasa},
    journal = {International Journal of Innovation, Creativity and Change},
    volume = {5},
    issue = {5},
    pages = {669--682},
    url = {https://www.ijicc.net/images/vol5iss5/Part_2/55225_Hirashima_2020_E_R.pdf}
}



@book{novak1984learning,
    title = {{Learning How to Learn}},
    year = {1984},
    author = {Novak, Joseph D and Gowin, D Bob},
    publisher = {Cambridge University Press}
}

@incollection{engestrom1993developmental, 
    place={Cambridge}, 
    title={Developmental studies of work as a testbench of activity theory: The case of primary care medical practice}, 
    DOI={10.1017/CBO9780511625510.004}, 
    booktitle={Understanding Practice: Perspectives on Activity and Context}, 
    publisher={Cambridge University Press}, 
    author={Engestr{\"{o}}m, Yrjö}, 
    editor={Chaiklin, Seth and Lave, JeanEditors}, 
    year={1993}, 
    pages={64-103}, 
    collection={Learning in Doing: Social, Cognitive and Computational Perspectives}
}


@inproceedings{Fischer2002Facilitating,
    title = {{Facilitating knowledge convergence in videoconferencing environments: the role of external representation tools}},
    year = {2002},
    booktitle = {Proc. of The Conference on Computer Support for Collaborative Learning: Foundations for a CSCL Community},
    author = {Fischer, Frank and Mandl, Heinz},
    pages = {623--624},
    keywords = {collaborative knowledge}
}

@inproceedings{Wunnasri2018ReciprocalCollaboration,
    title = {{Reciprocal Kit-Building of concept map to share each other's understanding as preparation for collaboration}},
    year = {2018},
    booktitle = {Proc. of The 19th International Conference on Artificial Intelligence in Education, London, United Kingdom},
    author = {Wunnasri, W. and Pailai, J. and Hayashi, Y. and Hirashima, T.}
}


@inproceedings{Hirashima2016EducationalMethod,
    title = {{Educational externalization of thinking task by Kit-Build method}},
    year = {2016},
    author = {Hirashima, Tsukasa and Hayashi, Yusuke},
    editor= {Yamamoto, Sakae},
    pages = {126--137},
    booktitle= {Human Interface and the Management of Information: Applications and Services},
    publisher= {Springer International Publishing},
    address= {Cham},
    doi = {10.1007/978-3-319-40397-7{\_}13},
    isbn={978-3-319-40397-7}
}


@inproceedings{Canas2012FreedomAssessment,
    title = {{Freedom vs. restriction of content and structure during concept mapping - Possibilities and limitations for construction and assessment}},
    year = {2012},
    booktitle = {Proc. of the Fifth Int. Conference on Concept Mapping},
    author = {Ca{\~{n}}as, Alberto J and Novak, Joseph D and Reiska, Priit},
    url = {http://cmc.ihmc.us/cmc2012Papers/cmc2012-p192.pdf},
    isbn = {978-99957-0-309-7}
}

@inproceedings{Qian2004SimilarityQueries,
    title = {{Similarity between Euclidean and Cosine Angle Distance for nearest neighbor queries}},
    year = {2004},
    booktitle = {Proc. of The ACM Symposium on Applied Computing},
    author = {Qian, Gang and Sural, Shamik and Gu, Yuelong and Pramanik, Sakti},
    pages = {1232--1237},
    volume = {2},
    isbn = {1581138121}
}

@inproceedings{Maldonado2012AnalysingMapping,
    title = {{Analysing knowledge generation and acquisition from individual and face-to-face collaborative concept mapping}},
    year = {2012},
    booktitle = {Proc. of the Fifth Int. Conference on Concept Mapping},
    author = {Maldonado, Roberto Martinez and Kay, Judy and Yacef, Kalina},
    pages = {17--24},
    volume = {1},
    url = {http://www.it.usyd.edu.au/~judy/Homec/Pubs/2012_cmc2012-p45.pdf}
}

@inproceedings{Lin1998AnSimilarity,
    author = {Lin, Dekang},
    title = {An Information-Theoretic Definition of Similarity},
    booktitle = {Proc. of the Fifteenth International Conference on Machine Learning},
    series = {ICML '98},
    year = {1998},
    isbn = {1-55860-556-8},
    pages = {296--304},
    numpages = {9},
    url = {http://dl.acm.org/citation.cfm?id=645527.657297},
    acmid = {657297},
    address = {San Francisco, CA, USA},
}


@book{johnson1987learning,
  title = {Learning together and alone: Cooperative, competitive, and individualistic learning},
  author = {Johnson, David W and Johnson, Roger T},
  year = {1987},
  edition = {2},
  publisher = {Prentice-Hall, Inc},
  address = {New Jersey}
}
@article{Webb2009TheClassroom,
    title = {{The teacher's role in promoting collaborative dialogue in the classroom}},
    year = {2009},
    journal = {British Journal of Educational Psychology},
    author = {Webb, Noreen M.},
    number = {1},
    month = {3},
    pages = {1--28},
    volume = {79},
    doi = {10.1348/000709908X380772}
}

@article{Weinberger2006ALearning,
    title = {{A framework to analyze argumentative knowledge construction in computer-supported collaborative learning}},
    year = {2006},
    journal = {Computers and Education},
    author = {Weinberger, Armin and Fischer, Frank},
    number = {1},
    pages = {71--95},
    volume = {46},
    doi = {10.1016/j.compedu.2005.04.003}
}

@article{Czerniak1998TheScience,
    title = {{The effect of collaborative concept mapping on elementary preservice teachers' anxiety, efficacy, and achievement in physical science}},
    year = {1998},
    journal = {Journal of Science Teacher Education},
    author = {Czerniak, Charlene M. and Haney, Jodi J.},
    number = {4},
    pages = {303--320},
    volume = {9},
    doi = {10.1023/A:1009431400397}
}

@article{Engelmann2014FosteringSolving,
    author = {Engelmann, Tanja and Kozlov, Michail D. and Kolodziej, Richard and Clariana, Roy B.},
    title = {Fostering Group Norm Development and Orientation While Creating Awareness Contents for Improving Net-Based Collaborative Problem Solving},
    year = {2014},
    volume = {37},
    number = {C},
    journal = {Computer in Human Behavior},
    pages = {298--306},
    doi = {10.1016/j.chb.2014.04.052}
}


@article{Alkhateeb2016ExperimentalMapping,
    title = {{Experimental evaluation of the KB-mapping method to avoid sentence-by-sentence map-building style in EFL reading with concept mapping}},
    year = {2016},
    journal = {Information and Systems in Education},
    author = {Alkhateeb, Mohammad and Hayashi, Yusuke and Rajab, Taha and Hirashima, Tsukasa},
    number = {1},
    pages = {1--14},
    volume = {15},
    url = {https://www.jstage.jst.go.jp/article/ejsise/15/1/15_1/_pdf}
}

@article{Hay2008MakingEducation,
    title = {{Making learning visible: The role of concept mapping in higher education}},
    year = {2008},
    journal = {Studies in Higher Education},
    author = {Hay, David and Kinchin, Ian and Lygo-Baker, Simon},
    number = {3},
    pages = {295--311},
    volume = {33},
    doi = {https://doi.org/10.1080/03075070802049251}
}

@article{Jeong2016SevenHelp,
    title = {{Seven affordances of computer-supported collaborative learning: How to support collaborative learning? How can technologies help?}},
    year = {2016},
    journal = {Educational Psychologist},
    author = {Jeong, Heisawn and Hmelo-Silver, Cindy E.},
    number = {2},
    pages = {247--265},
    volume = {51},
    url = {http://www.tandfonline.com/doi/full/10.1080/00461520.2016.1158654},
    doi = {10.1080/00461520.2016.1158654}
}

@article{Santoso2016MeasuringEnvironment,
    title = {{Measuring user experience of the student-centered e-learning environment}},
    year = {2016},
    journal = {Journal of Educators Online},
    author = {Santoso, Harry and Schrepp, Martin and Kartono, Yugo and Yudha, Andika and Priyogi, Bilih},
    number = {1},
    pages = {58--79},
    volume = {13},
    doi = {10.9743/JEO.2016.1.5}
}

@article{Chan1997KnowledgeChange,
    title = {{Knowledge building as a mediator of conflict in conceptual change}},
    year = {1997},
    journal = {Cognition and Instruction},
    author = {Chan, Carol and Burtis, Jud and Bereiter, Carl},
    number = {1},
    pages = {1--40},
    volume = {15},
    issn = {0737-0008},
    doi = {10.1207/s1532690xci1501\_1}
}

@article{Suthers2006TechnologyCSCL,
    title = {{Technology affordances for intersubjective meaning making: A research agenda for CSCL}},
    year = {2006},
    journal = {International Journal of Computer-Supported Collaborative Learning},
    author = {Suthers, Daniel D},
    number = {3},
    pages = {315--337},
    volume = {1},
    doi = {0.1007/s11412-006-9660-y}
}


@inproceedings{yoshida2013instantaneous,
    title = {{Instantaneous assessment of learners' comprehension for lecture by using Kit-Build concept map system}},
    year = {2013},
    booktitle = {Human Interface and the Management of Information. Information and Interaction for Learning, Culture, Collaboration and Business},
    author = {Yoshida, Kan and Osada, Takuya and Sugihara, Kota and Nino, Yoshiaki and Shida, Masakuni and Hirashima, Tsukasa},
    pages = {175--181},
    url = {https://link.springer.com/chapter/10.1007/978-3-642-39226-9\_20}
}

@inproceedings{Kitamura2016ComparisonPropositions,
    title = {{Comparison between Kit-uilding task of concept map and multiple choice task of fill-in-the-blank question generated from the same series of propositions}},
    year = {2016},
    booktitle = {ICCE 2016 - 24th International Conference on Computers in Education: Think Global Act Local - Workshop Proceedings},
    author = {Kitamura, T and Yamanaka, A and Maeda, K and Hayashi, Y and Hirashima, T},
    pages = {419--427},
    isbn = {9789869401210}
}



@inproceedings{Hirashima2018ReconstructionalReconstruction,
    title = {{Reconstructional Concept Map: Automatic Assessment and Reciprocal Reconstruction}},
    year = {2018},
    booktitle = {The 2nd Annual International Conference Learning Innovation},
    author = {Hirashima, Tsukasa}
}


@inproceedings{Junus2018AssessingSpaces,
    title = {Assessing Students' Mathematical Misconceptions through Concept Maps and Online Discussion Transcripts: Inner Product Spaces},
    year = {2018},
    booktitle = {The 26th International Conference on Computers in Education (ICCE 2018)},
    author = {Junus, Kasiyah},
    pages = {772--777},
    url = {http://icce2018.ateneo.edu/wp-content/uploads/2018/12/C7-11.pdf}
}

@inproceedings{Wunnasri2016ComparisonMethod,
    title = {{Comparison of concept map evaluation between Kit-Build method and handmade method}},
    year = {2016},
    booktitle = {The 24th International Conference on Computers in Education (ICCE 2016): Think Global Act Local - Work in Progress Poster Proceedings},
    author = {Wunnasri, Warunya and Pailai, Jaruwat and Hayashi, Yusuke and Hirashima, Tsukasa},
    pages = {4--6}
}


@inproceedings{Basque2006CollaborativeTrends,
    title={{Collaborative concept mapping in education: Major research trends}},
    author = {Basque, Josianne and Lavoie, Marie-Claude},
    booktitle={Concept Maps: Theory, Methodology, Technology. Proc. of the Second Int. Conference on Concept Mapping},
    year={2006},
    pages = {79--86},
    url = {http://citeseerx.ist.psu.edu/viewdoc/download?doi=10.1.1.103.1709\&rep=rep1\&type=pdf}
}

@inproceedings{Pailai2016OngoingMatching,
    title = {Ongoing Formative Assessment with Concept Map in Proposition Level Exact Matching},
    author = {Pailai, Jaruwat and Wunnasri, Warunya and Hayashi, Yusuke and Hirashima, Tsukasa},
    booktitle = {The 24th International Conference on Computers in Education (ICCE 2016)},
    year = {2016},
    month = {11},
    pages = {79--81},
    doi = {10.13140/RG.2.2.22485.83680}
}

@inproceedings{Khamesan2004TaxonomyMapping,
    title = {Taxonomy of analysis levels of learning effectiveness in collaborative concept mapping},
    author = {Khamesan, Ahmad and Hammond, Nick},
    booktitle = {Concept maps: Theory, methodology, and technology. Proceeding of 1st International Conference on Concept Mapping (CMC), Spain},
    year = {2004},
    volume = {2},
    pages = {231--234},
    url = {https://pdfs.semanticscholar.org/36e6/1dfcf67e940589b94fde88bddc97cd79f3da.pdf}
}


@inproceedings{Junus2014SocialClass,
    title = {Social, cognitive, teaching, and metacognitive presence in general and focus group discussion: Case study in blended e-learning Linear Algebra class},
    author = {K. {Junus} and L. {Sadita} and H. {Suhartanto}},
    booktitle = {2014 IEEE Frontiers in Education Conference (FIE) Proceedings},
    year = {2014},
    pages = {6},
    doi = {10.1109/FIE.2014.7044247}
}

@inproceedings{Gnesdilow2010ExploringMapping,
    title = {Exploring Convergence of Science Ideas through Collaborative Concept Mapping},
    year = {2010},
    author = {Gnesdilow, Dana and Bopardikar, Anushree and Sullivan, Sarah A. and Puntambekar, Sadhana},
    booktitle = {The 9th International Conference of the Learning Sciences},
    pages = {698--705},
    volume = {1},
    series = {ICLS '10},
    url = {https://dl.acm.org/doi/10.5555/1854360.1854449}
}

@inproceedings{Roschelle1995TheSolving,
    author = {Roschelle, Jeremy and Teasley, Stephanie D.},
    title = {The Construction of Shared Knowledge in Collaborative Problem Solving},
    booktitle = {Computer Supported Collaborative Learning},
    year = {1995},
    pages = {69--97},
    url = {https://link.springer.com/chapter/10.1007/978-3-642-85098-1\_5}
}

@inproceedings{deWeerd2017FosteringMapping,
    title = {{Fostering interdisciplinary knowledge construction in computer-assisted collaborative concept mapping}},
    year = {2017},
    booktitle = {Data Driven Approaches in Digital Education},
    author = {de Weerd, Jacco and Tan, Esther and Stoyanov, Slavi},
    editor = {Lavou'e, 'Elise and Drachsler, Hendrik and Verbert, Katrien and Broisin, Julien and P'erez-Sanagust'in, Mar},
    pages = {391--396},
    url = {https://link.springer.com/chapter/10.1007/978-3-319-66610-5\_32}
 
}

%% @ rqa
@article{Dillenbourg1999WhatLearning,
    author = {Dillenbourg, Pierre},
    journal = {Collaborative-learning: Cognitive and Computational Approaches},
    publisher = {Elsevier},
    address = {Oxford},
    number = {6},
    pages = {1--19},
    title = {{What do you mean by 'collaborative learning'?}},
    volume = {1},
    year = {1999}
}

@book{Vygotsky1978MindProcesses,
    title={{Mind in Society: Development of Higher Psychological Processes}},
    author={Vygotsky, LS and Cole, Michael},
    year={1978},
    publisher={Harvard University Press}
}


@inproceedings{Chiu2000CollaborativeComputer,
    author = {Chiu, Chiu Hui and Wu, Wei Shuo and Huang, Chun Chieh},
    booktitle = {WebNet World Conference on the WWW and Internet},
    organization = {Association for the Advancement of Computing in Education (AACE)},
    pages = {95--100},
    title = {{Collaborative concept mapping processes mediated by computer}},
    year = {2000}
}

@article{Wegerif1999SocialDevelopment,
    author = {Wegerif, Rupert and Mercer, Neil and Dawes, Lyn},
    doi = {10.1016/S0959-4752(99)00013-4},
    journal = {Learning and Instruction},
    volume = {9},
    number = {6},
    pages = {493--516},
    publisher = {Elsevier},
    title = {{From social interaction to individual reasoning: An empirical investigation of a possible sociocultural model of cognitive development}},
    year = {1999}
}

@article{Nastasi1992SocialEnvironments,
    author = {Bonnie K. Nastasi and Douglas H. Clements.},
    doi = {10.1016/0959-4752(92)90010-J},
    issn = {0959-4752},
    journal = {Learning and Instruction},
    volume = {2},
    number = {3},
    pages = {215 -- 238},
    title = {{Social-cognitive behaviors and higher-order thinking in educational computer environments}},
    year = {1992}
}

@article{Kalishman2012ManageCollaboration,
  title = {{Don't manage the conflict: transform it through collaboration}},
  author = {Kalishman, Summers and Stoddard, Hugh and O'Sullivan, Patricia},
  journal = {Medical education},
  volume = {46},
  number = {10},
  pages = {930--932},
  year = {2012},
  publisher = {Wiley Online Library}
}

@inproceedings{Junus2017CommunityStrategies,
    author = {Junus, K and Santoso, H B and Sadita, L and R-Suradijono, S H and Suhartanto, H},
    booktitle = {2017 7th World Engineering Education Forum (WEEF)},
    doi = {10.1109/WEEF.2017.8467110},
    month = {nov},
    pages = {343--348},
    title = {{The Community of Inquiry Model Training for Beginners: Patterns of Interaction and Student Learning Strategies}},
    year = {2017}
}

@phdthesis{Gao2007EffectAttitudes,
    author = {Gao, Hong},
    isbn = {0419-4209},
    title = {{The Effects of Key Concepts Availability and Individual Preparation in the Form of Proposition Formation in Collaborative Concept Mapping on Learning, Problem Solving, and Learner Attitudes}},
    school = {Florida State University},
    address = {Florida},
    month = {September},
    year = {2007}
}

@techreport{Osmundson1999KnowledgeUnderstanding,
    author = {Ellen Osmundson and Gregory K. W. K. Chung and Howard E. Herl and Davina C. D. Klein},
    title = {{Knowledge mapping in the classroom : A tool for examining the development of students' conceptual understandings}},
    institution = {Center for the Study of Evaluation, University of California},
    year = {1999}
}

@article{Chung1999UseOutcomes,
    author = {Chung, GKWK and {O'Neil Jr}, H F and Herl, H E},
    journal = {Computers in Human Behavior},
    number = {3-4},
    pages = {463--493},
    publisher = {Elsevier},
    title = {{The use of computer-based collaborative knowledge mapping to measure team processes and team outcomes}},
    volume = {15},
    year = {1999}
}

@article{Herl1996ConstructKnowledge,
    author = {Herl, Howard E and Baker, Eva L and Niemi, David},
    journal = {The Journal of Educational Research},
    number = {4},
    pages = {206--218},
    publisher = {Taylor {\&} Francis},
    title = {{Construct validation of an approach to modeling cognitive structure of US history knowledge}},
    volume = {89},
    year = {1996}
}


@inproceedings{Laugwitz2008ConstructionQuestionnaire,
    author = {Laugwitz, Bettina and Held, Theo and Schrepp, Martin},
    booktitle = {Symposium of the Austrian HCI and Usability Engineering Group},
    pages = {63--76},
    organization = {Springer},
    doi = {10.1007/978-3-540-89350-9_6},
    title = {{Construction and evaluation of a user experience questionnaire}},
    year = {2008},
    publisher = {Springer Berlin Heidelberg},
    address = {Berlin, Heidelberg},
    isbn = {978-3-540-89350-9}
}

@article{Chiu2004EvaluatingMapping,
    author = {Chiu, C. H.},
    doi = {10.1111/j.1365-2729.2004.00072.x},
    url = {https://onlinelibrary.wiley.com/doi/abs/10.1111/j.1365-2729.2004.00072.x},
    eprint = {https://onlinelibrary.wiley.com/doi/pdf/10.1111/j.1365-2729.2004.00072.x},
    journal = {Journal of Computer Assisted Learning},
    number = {2},
    pages = {124--132},
    title = {{Evaluating system-based strategies for managing conflict in collaborative concept mapping}},
    volume = {20},
    year = {2004}
}

@article{Kinchin2005EvolutionStudents,
    author={Kinchin, Ian M and De-Leij, Frans AAM and Hay, David B},
    doi = {10.1080/03098770500037655},
    isbn = {0309877050003},
    issn = {0309-877X},
    journal = {Journal of Further and Higher Education},
    number = {1},
    pages = {1--14},
    title = {{The evolution of a collaborative concept mapping activity for undergraduate microbiology students}},
    volume = {29},
    year = {2005},
    publisher={Taylor \& Francis}
}

@article{Chiu2000EvaluationMapping,
    author = {Chiu, Chiung Hui and Huang, Chun Chieh and Chang, Wen Tsung},
    doi = {10.1016/S0360-1315(99)00025-1},
    isbn = {0360-1315},
    issn = {03601315},
    journal = {Computers and Education},
    number = {1},
    pages = {17--25},
    title = {{The evaluation and influence of interaction in network supported collaborative concept mapping}},
    volume = {34},
    year = {2000},
    publisher = {Elsevier}
}


@inproceedings{Correia2008,
    author = {Correia, P. R. and Infante-Malachias, M. E. and Godoy, C. E.},
    booktitle={Proceedings of the third international conference on concept mapping},
    pages = {414--421},
    volume={2},
    title = {{From theory to practice: the foundations for training students to make collaborative concept maps}},
    year = {2008}
}

@article{Gao2013KnowledgeStudy,
    author = {Gao, Hong and Thomson, MM and Shen, E},
    journal = {Journal of Information Technology and Application in Education},
    number = {1},
    pages = {1--15},
    title = {{Knowledge construction in collaborative concept mapping: A case study}},
    url = {www.jitae.org http://oaji.net/articles/2014/1437-1416292828.pdf},
    volume = {2},
    publisher = {Science and Engineering Publishing Company},
    year = {2013}
}

@article{Stahl2006ComputerPerspective,
    author = {Stahl, Gerry and Koschmann, Timothy and Suthers, Dan},
    doi = {10.1145/1124772.1124855},
    isbn = {9780521845540},
    issn = {10508406},
    journal = {Cambridge handbook of the learning sciences},
    pages = {409--426},
    pmid = {62728545},
    publisher = {Cambridge University Press},
    title = {{Computer-supported collaborative learning: An historical perspective}},
    year = {2006}
}

@article{Wang2017UseEnvironment,
    author = {Wang, Minhong and Cheng, Bo and Chen, Juanjuan and Mercer, Neil and Kirschner, Paul A},
    doi = {10.1016/j.iheduc.2017.04.003},
    issn = {10967516},
    journal = {The Internet and Higher Education},
    pages = {28--40},
    volume = {34},
    title = {{The use of web-based collaborative concept mapping to support group learning and interaction in an online environment}},
    year = {2017},
    publisher = {Elsevier}
}


@article{Limon2001CognitiveAppraisal,
    author = {Lim{\'o}n, Margarita},
    doi = {10.1016/S0959-4752(00)00037-2},
    isbn = {0959-4752},
    issn = {09594752},
    journal = {Learning and Instruction},
    pages = {357--380},
    pmid = {67},
    title = {{On the cognitive conflict as an instructional strategy for conceptual change: a critical appraisal}},
    number={4-5},
    volume = {11},
    year = {2001},
    publisher={Elsevier}
}


@article{Iancu2014SocioRoles,
    author = {Iancu, Mariana},
    doi = {10.1016/j.sbspro.2014.03.214},
    journal = {Procedia - Social and Behavioral Sciences},
    title = {{Socio-cognitive conflict in learning Biology-challenge, solving and roles}},
    year = {2014},
    volume = {127},
    pages = {68 -- 72},
    issn = {1877-0428},
    publisher={Elsevier}

}

@article{Chen2018DeeperResolution,
    author = {Chen, Weichao and Allen, Carla and Jonassen, David},
    doi = {10.1016/j.chb.2018.01.007},
    issn = {07475632},
    journal = {Computers in Human Behavior},
    month = {oct},
    pages = {424--435},
    publisher = {Elsevier Ltd},
    title = {{Deeper learning in collaborative concept mapping: A mixed methods study of conflict resolution}},
    url = {https://doi.org/10.1016/j.chb.2018.01.007},
    volume = {87},
    year = {2018}
}

@article{Nickerson1999HowOthers,
    author = {Nickerson, Raymond S.},
    doi = {10.1037/0033-2909.125.6.737},
    isbn = {0033-2909$\backslash$n1939-1455},
    issn = {00332909},
    journal = {Psychological Bulletin},
    number = {6},
    pages = {737--759},
    title = {{How we know - and sometimes misjudge - what others know: Imputing one's own knowledge to others}},
    volume = {125},
    year = {1999}
}

@inproceedings{Hayashi2017DevelopmentExercise,
    author = {Hayashi, Yusuke and Murotsu, Mitsutaka and Yamamoto, Sho and Hirashima, Tsukasa},
    doi = {10.1007/978-3-319-58524-6_3},
    month = {jul},
    pages = {29--39},
    publisher = {Springer International Publishing},
    title = {{Development and a practical use of monitoring tool of understanding of learners in class exercise}},
    booktitle = {Human Interface and the Management of Information: Supporting Learning, Decision-Making and Collaboration},
    url = {http://link.springer.com/10.1007/978-3-319-58524-6{\_}3},
    address = {Cham},
    isbn = {978-3-319-58524-6},
    year = {2017}
}


% ----- OWN PUBLICATION 
@inproceedings{Sadita2018PreliminaryLearning,
    title={{Preliminary Study on the Use of Reciprocal Kit Build for Collaborative Learning}},
    author={Sadita, Lia and Hirashima, Tsukasa and Hayashi, Yusuke and Wunnasri, Warunya and Pailai, Jaruwat and Junus, Kasiyah and Santoso, Harry Budi},
    booktitle={The 26th International Conference on Computers in Education (ICCE 2018)},
    pages={133--142},
    year={2018}
}

@article{Sadita2019BoundaryConstruction,
    title = {{Reciprocal Kit Build: Boundary Crossing with Concept Map for Collaborative Knowledge Construction}},
    author = {Sadita, Lia and Hirashima, Tsukasa and Hayashi, Yusuke and others},
    journal = {先進的学習科学と工学研究会},
    ISSN = {1349-4104},
    publisher = {人工知能学会},
    year = {2019},
    month = {jul},
    volume = {86},
    pages = {50-55},
    URL = {https://ci.nii.ac.jp/naid/40022002934/en/}
}

@inproceedings{Sadita2019RelationshipResponses,
    title={{Reciprocal Kit Build Approach for Peer-to-peer Communication: Relationship between Similarities on Knowledge, Transfer of Knowledge, and Affective Responses}},
    author={Sadita, Lia and Hirashima, Tsukasa and Hayashi, Yusuke and Furtado, Pedro G.F. and Junus, Kasiyah and Santoso, Harry B.},
    booktitle={The 27th International Conference on Computers in Education (ICCE 2019)},
    volume={1},
    pages={101--110},
    year={2019}
}

@inproceedings{Sadita2019ReciprocalSituation,
    title={{Reciprocal Kit Build Concept Map: An Activity Designed to Encourage Learning at Boundary in Collaborative Situation}},
    author={Sadita, Lia and Hirashima, Tsukasa and Hayashi, Yusuke},
    booktitle={The 27th International Conference on Computers in Education (ICCE 2019)},
    volume={2},
    pages={779--782},
    year={2019}
}

@article{Sadita2020AnalysisApproach,
    title={{Analysis of The Similarity of Individual Knowledge and The Comprehension of Partner's Representation during Collaborative Concept Mapping with Reciprocal Kit Build Approach (in press)}},
    author={Sadita, Lia and Furtado, Pedro Gabriel Fonteles and Hirashima, Tsukasa and Hayashi, Yusuke},
    journal={IEICE TRANSACTIONS on Information and Systems},
    volume={E103-D},
    number={7},
    year={2020}
}

@article{Sadita2020EffectApproach,
    title={{The Effect of Differences in Group Composition on Knowledge Transfer, Group Achievement and Learners' Affective Responses During Reciprocal Concept Mapping With the Kit-Build Approach (in press)}},
    author={Sadita, Lia and Hirashima, Tsukasa and Hayashi, Yusuke and Furtado, Pedro G.F. and Junus, Kasiyah and Santoso, Harry B.},
    journal={Research and Practice in Technology Enhanced Learning},
    volume={notdecided},
    number={notdecided},
    year={2020}
}





